@INPROCEEDINGS{ woetzel04,
author={Woetzel, J. and Koch, R.},
booktitle={Visual Media Production, 2004. (CVMP). 1st European Conference on},
title={Real-time multi-stereo depth estimation on GPU with approximative discontinuity handling},
year={2004},
month={March},
pages={245-254}
}

@INPROCEEDINGS{ unger11,
author={Unger, C. and Wahl, E. and Ilic, S.},
booktitle={Intelligent Vehicles Symposium (IV), 2011 IEEE},
title={Efficient stereo matching for moving cameras and decalibrated rigs},
year={2011},
month={June},
pages={417-422},
keywords={automobiles;cameras;image matching;image motion analysis;image sequences;stereo image processing;traffic engineering computing;video signal processing;decalibrated rigs;image pair rectification;monocular side-looking cameras;motion-stereo application;moving cameras;stereo matching;stereo rigs;vehicular application;video sequences;Cameras;Geometry;Minimization;Pixel;Proposals;Real time systems;Vehicles},
doi={10.1109/IVS.2011.5940439},
ISSN={1931-0587}
}

@INPROCEEDINGS{ singhal10,
author={Singhal, N. and In Kyu Park and Sungdae Cho},
booktitle={Image Processing (ICIP), 2010 17th IEEE International Conference on},
title={Implementation and optimization of image processing algorithms on handheld GPU},
year={2010},
month={Sept},
pages={4481-4484},
keywords={application program interfaces;computer graphic equipment;coprocessors;notebook computers;optimisation;rendering (computer graphics);video streaming;API;GPU;Harris corner detector;OpenGL ES 2.0;cartoon style non photorealistic rendering;embedded CPU;handheld device;image processing;optimization;programmable shaders;real time video scaling;video stream resolution;Graphics processing unit;Image color analysis;Pixel;Real time systems;Rendering (computer graphics);Streaming media;GPGPU;GPU;OpenGL ES 2.0;mobile computing;mobile devices},
doi={10.1109/ICIP.2010.5651740},
ISSN={1522-4880}
}

@INPROCEEDINGS{ bin05,
author={Dai Bin and Liu Xin and Wu Tao},
booktitle={Vehicular Electronics and Safety, 2005. IEEE International Conference on},
title={Fast stereo matching for autonomous vehicle navigation},
year={2005},
month={Oct},
pages={117-121},
keywords={image matching;image resolution;mobile robots;navigation;road vehicles;robot vision;stereo image processing;autonomous vehicle navigation;binocular stereo vision method;disparity image;height estimation;image rectification process;linear camera model;stereo matching;world coordinate system;Cameras;Computer vision;Mobile robots;Navigation;Pixel;Remotely operated vehicles;Roads;Robustness;Stereo vision;Vehicle detection},
doi={10.1109/ICVES.2005.1563625}
}

@INPROCEEDINGS{ neves13,
author={Neves, R. and Matos, AC.},
booktitle={Oceans - San Diego, 2013},
title={Raspberry PI based stereo vision for small size ASVs},
year={2013},
month={Sept},
pages={1-6},
keywords={collision avoidance;marine control;mobile robots;remotely operated vehicles;robot vision;stereo image processing;ultrasonic transducers;ASV guidance;DEEC/FEUP;INESC;OceanSys research group;Raspberry PI based stereo vision;Webcams;autonomous driving system;autonomous surface vehicle;coloured buoys;low-cost computer;object position;obstacle avoidance system;off-the-shelf components;small size ASV;small water vehicles;stereoscopic system;target following;target identification;ultrasound sensor;Calibration;Hardware;Image color analysis;Synchronization;Vehicles;Webcams}
}

@MASTERSTHESIS{jonsson03,
author={Karl Jonsson},
title={Shader-Based Stereo Matching with Local Algorithms},
school={Institution of Computer Science, Lund University},
month={Sept},
year={2003}
}

@MASTERSTHESIS{ hong10,
author={Wenxian Hong},
title={A Study of Fast, Robust Stereo-Matching Algorithms},
school={Department of Mechanical Engineering, Massachusetts Institute of Technology},
month={June},
year={2010}
}

@MASTERSTHESIS{ olofsson10,
author={Anders Olofsson},
title={Modern Stereo Correspondence Algorithms: Investigation and evaluation},
school={Department of Electrical Engineering, Linköping University},
month={July},
year={2010}
}

@article{ singhal12,
title={Implementation and Optimization of Image Processing Algorithms on Embedded GPU},
author={Singhal, N. and Yoo, J. and Choi, H. and Park, I.},
journal={IEICE TRANSACTIONS on Information and Systems},
volume={95},
number={5},
pages={1475–1484},
year={2012},
publisher={The Institute of Electronics, Information and Communication Engineers}
}

@INPROCEEDINGS{ unger09,
author = {Christian Unger and Selim Benhimane and Eric Wahl and Nassir Navab},
title = {Efficient Disparity Computation without Maximum Disparity for Real-Time Stereo Vision},
booktitle = {BMVC},
year = {2009}
}

@article{denker11,
author = {Klaus Denker and Georg Umlauf},
title = {Accurate Real-Time Multi-Camera Stereo-Matching on the GPU for 3D Reconstruction},
journal = {Journal of WSCG},
volume = {19},
number = {1},
pages = {9--16},
year = {2011}
}

@inproceedings{ baker81,
author = {Baker, H. and Binford, T.},
title = {Depth from Edge and Intensity Based Stereo},
booktitle = {Artificial Intelligence, 7th International Joint Conference on},
volume = {2},
series = {IJCA},
year = {1981},
pages = {631--636}
}

@STANDARD{ opengles2,
title = {OpenGL ES 2.0. Common Profile Specification},
organization = {Khronos Group Inc.},
type = {Specification},
revision = {2.0.25},
month = {Nov},
year = {2010}
}

@article{zhao11,
author = {Yong Zhao and Gabriel Taubin},
title = {Real-time stereo on GPGPU using progressive multi-resolution adaptive windows},
journal = {Image and Vision Computing},
number = {29},
pages = {420--432},
year = {2011}
}

@MANUAL{ appleopengl,
title = {OpenGL ES Programming Guide for iOS},
organization = {Apple Inc.},
edition = {2014-07-15},
month = {July},
year = {2014}
}

@INPROCEEDINGS{ xiao09,
author={Weijun Xiao and He Huang and Yan Sun and Qing Yang},
booktitle={Engineering in Medicine and Biology Society, 2009. EMBC 2009. Annual International Conference of the IEEE},
title={Promise of embedded system with GPU in artificial leg control: Enabling time-frequency feature extraction from electromyography},
year={2009},
month={Sept},
pages={6926-6929},
keywords={electromyography;embedded systems;feature extraction;medical control systems;medical signal processing;Graphic Processor Unit;artificial leg control;electromyography;embedded system;signal pattern recognition;time frequency feature extraction;Electromyography;control of artificial limbs;embedded system;high performance computing;Algorithms;Artificial Limbs;Biomedical Engineering;Electromyography;Humans;Male;Pattern Recognition, Automated;Signal Processing, Computer-Assisted},
doi={10.1109/IEMBS.2009.5333633},
ISSN={1557-170X},}

@INPROCEEDINGS{ calandrini12,
author={Calandrini, G. and Gardel, A and Revenga, P. and Lazaro, J.L.},
booktitle={High Performance Computing and Communication 2012 IEEE 9th International Conference on Embedded Software and Systems (HPCC-ICESS), 2012 IEEE 14th International Conference on},
title={GPU Acceleration on Embedded Devices. A Power Consumption Approach},
year={2012},
month={June},
pages={1806-1812},
keywords={Fourier transforms;embedded systems;graphics processing units;multi-threading;power aware computing;Beobot project;CPU;Fourier transform;GPU acceleration;benchmark process;cluster development;computation threads;data size;embedded architectures;embedded devices;hardware configuration;hybrid computation;low power devices;measurement process;power consumption;work load computing;Computers;Current measurement;Graphics processing unit;Multicore processing;Performance evaluation;Power demand;Efficiency Metrics;GPGPU;Heterogeneous Systems;Power Efficiency},
doi={10.1109/HPCC.2012.272},}

@INPROCEEDINGS{ woohyun14,
author={Woohyun Joo and Dongkun Shin},
booktitle={Consumer Electronics (ICCE), 2014 IEEE International Conference on},
title={Resource-constrained spatial multi-tasking for embedded GPU},
year={2014},
month={Jan},
pages={339-340},
keywords={graphics processing units;multiprogramming;performance evaluation;processor scheduling;embedded GPU cores;graphics processing unit;multitask scheduling;performance degradation prevention;resource-constrained spatial multitasking;smart consumer devices;temporal budget based multitasking;Educational institutions;Electronic mail;Graphics processing units;Performance evaluation;Processor scheduling;Smart phones},
doi={10.1109/ICCE.2014.6776031},
ISSN={2158-3994},}

@INPROCEEDINGS{ soojun12,
author={Soojun Im and Dongkun Shin},
booktitle={Consumer Electronics (GCCE), 2012 IEEE 1st Global Conference on},
title={OpenGL ESSL optimizing compiler for embedded 3D graphic processor},
year={2012},
month={Oct},
pages={724-725},
keywords={application program interfaces;embedded systems;graphics processing units;mobile computing;optimising compilers;ESSL compiler techniques;GPU;OpenGL ESSL optimizing compiler;code optimization;data memory size;embedded 3D graphic processor;embedded GPU;embedded system shading language;execution cycles;fragment shader programs;graphic processing unit;mobile consumer devices;shader compiler;vertex shader programs;Embedded systems;Graphics processing units;Mobile communication;Optimization;Registers;Resource management;VLIW;Compiler;ESSL;Embedded Systems;GPU},
doi={10.1109/GCCE.2012.6379965},}

@INPROCEEDINGS{ hallmans12,
author={Hallmans, D. and Asberg, M. and Nolte, T.},
booktitle={Emerging Technologies Factory Automation (ETFA), 2012 IEEE 17th Conference on},
title={Towards using the Graphics Processing Unit (GPU) for embedded systems},
year={2012},
month={Sept},
pages={1-4},
keywords={computer graphics;embedded systems;graphics processing units;multiprocessing systems;power aware computing;CPU;GPU;data- parallel compute-intensive applications;embedded system architectures;graphics processing unit;high performance;low power consumption;performance metrics;power industries;GPU;embedded systems;graphics processing unit;real-time systems},
doi={10.1109/ETFA.2012.6489715},
ISSN={1946-0740},}

@INPROCEEDINGS{ jun12,
author={Jun Zhang and Shuhua Luo and Xianru Liu},
booktitle={Control Engineering and Communication Technology (ICCECT), 2012 International Conference on},
title={Weighted Mean Shift Object Tracking Implemented on GPU for Embedded Sustems},
year={2012},
month={Dec},
pages={982-985},
keywords={embedded systems;graphics processing units;image colour analysis;object tracking;parallel processing;GPU;civil fields;distance weight;embedded systems;feature color histogram;graphics processor unit;hardware parallel computing resources;mean shift vector;military fields;object tracking;visual tracker;weighted mean shift object tracking implemented;Embedded systems;Graphics processing units;Histograms;Image color analysis;Object tracking;Real-time systems;Target tracking;GPU;distance weight;embedded systems;mean shift algorithm;object tracking},
doi={10.1109/ICCECT.2012.258},}

@INPROCEEDINGS{ grasso14,
author={Grasso, I and Radojkovic, P. and Rajovic, N. and Gelado, I and Ramirez, A},
booktitle={Parallel and Distributed Processing Symposium, 2014 IEEE 28th International},
title={Energy Efficient HPC on Embedded SoCs: Optimization Techniques for Mali GPU},
year={2014},
month={May},
pages={123-132},
keywords={graphics processing units;optimisation;parallel architectures;power aware computing;system-on-chip;64-bit floating point arithmetic;64-bit floating point precision;ARM Mali GPU compute architecture;ARM Mali-T604 GPU;CUDA;Exynos 5250 SoC;HPC;OpenCL;OpenCL Full Profile support;embedded GPU;embedded SoC;embedded systems-on-chip;energy efficient HPC;optimization techniques;parallel programming languages;parallel programming models;single Cortex-A15 core;software optimization techniques;Benchmark testing;Computer architecture;Graphics processing units;Kernel;Optimization;System-on-chip;Vectors;Embedded GPUs;High performance computing;Optimization;Performance analysis},
doi={10.1109/IPDPS.2014.24},
ISSN={1530-2075},}

